@inproceedings{DBLP:conf/icfp/Voigtlander09,
  author    = {J. Voigtl{\"a}nder},
  title     = {{Free Theorems Involving Type Constructor Classes: Functional Pearl}},
  booktitle = {Proc. 14th ACM SIGPLAN International Conference on Functional programming},
  series = {ICFP 2009},
  year      = 2009,
  pages     = {173-184},
  doi        = {10.1145/1596550.1596577},
  bibsource = {DBLP, http://dblp.uni-trier.de}
}

@inproceedings{DBLP:conf/ifip/Reynolds83,
  author    = {J. C. Reynolds},
  title     = {{Types, Abstraction and Parametric Polymorphism}},
  booktitle = {Proc. IFIP 9th World Computer Congress},
  series    = "Information Processing",
  volume    = 83,
  year      = 1983,
  pages     = {513-523},
  bibsource = {DBLP, http://dblp.uni-trier.de}
}

@article{DBLP:journals/jfp/VytiniotisW10,
  author    = {D. Vytiniotis and
               S. Weirich},
  title     = {Parametricity, type equality, and higher-order polymorphism},
  journal   = {J. Funct. Program.},
  volume    = {20},
  number    = {2},
  year      = {2010},
  pages     = {175-210},
  ee        = {http://dx.doi.org/10.1017/S0956796810000079},
  bibsource = {DBLP, http://dblp.uni-trier.de}
}

@inproceedings{DBLP:conf/fpca/Wadler89,
  author    = {P. Wadler},
  title     = {Theorems for Free!},
  booktitle = {Proc. Fourth International Conference on Functional Programming Languages and Computer Architecture},
  series    = {FPCA'89},
  year      = 1989,
  pages     = {347-359},
  doi       = {10.1145/99370.99404},
  bibsource = {DBLP, http://dblp.uni-trier.de}
}

@inproceedings{DBLP:conf/icfp/ClaessenH00,
  author    = {Koen Claessen and
               John Hughes},
  title     = {QuickCheck: a lightweight tool for random testing of Haskell programs},
  booktitle = {Proceedings of the Fifth {ACM} {SIGPLAN} International Conference
               on Functional Programming {(ICFP} '00)},
  pages     = {268--279},
  year      = {2000},
}

@inproceedings{DBLP:conf/esop/BernardyJC10,
  author    = {Jean{-}Philippe Bernardy and
               Patrik Jansson and
               Koen Claessen},
  title     = {Testing Polymorphic Properties},
  booktitle = {Programming Languages and Systems, 19th European Symposium on Programming,
               {ESOP} 2010},
  pages     = {125--144},
  year      = {2010},
}

@InProceedings{atkey12relational,
  title = {Relational Parametricity for Higher Kinds},
  author = {Robert Atkey},
  year = {2012},
  doi = {10.4230/LIPIcs.CSL.2012.46},
  booktitle = {Computer Science Logic (CSL'12) - 26th International Workshop/21st Annual Conference of the EACSL},
  series = {Leibniz International Proceedings in Informatics (LIPIcs)},
  editor = {Patrick C\'{e}gielski and Arnaud Durand},
  pages = {46--61},
  volume = {16}}

@inproceedings{DBLP:conf/lics/Moggi89,
  author    = {Eugenio Moggi},
  title     = {Computational Lambda-Calculus and Monads},
  booktitle = {Proceedings of the Fourth Annual Symposium on Logic in Computer Science
               {(LICS} '89), Pacific Grove, California, USA, June 5-8, 1989},
  pages     = {14--23},
  year      = {1989},
}

@inproceedings{DBLP:conf/popl/JonesW93,
  author    = {Simon L. Peyton Jones and
               Philip Wadler},
  title     = {Imperative Functional Programming},
  booktitle = {Twentieth Annual {ACM} {SIGPLAN-SIGACT} Symposium
               on Principles of Programming Languages},
  pages     = {71--84},
  year      = {1993},
}

@article{DBLP:journals/mscs/Wadler92,
  author    = {Philip Wadler},
  title     = {Comprehending Monads},
  journal   = {Mathematical Structures in Computer Science},
  volume    = {2},
  number    = {4},
  pages     = {461--493},
  year      = {1992},
}

@inproceedings{DBLP:conf/popl/Wadler92,
  author    = {Philip Wadler},
  title     = {The Essence of Functional Programming},
  booktitle = {Nineteenth Annual {ACM} {SIGPLAN-SIGACT}
               Symposium on Principles of Programming Languages},
  pages     = {1--14},
  year      = {1992},
}
